<?xml version="1.0" encoding="UTF-8"?><collection xmlns="http://www.loc.gov/MARC21/slim"><record><leader>00470nam--2200169-u-4500</leader><controlfield tag="001">000055565</controlfield><controlfield tag="002">20161230</controlfield><controlfield tag="005">20161230201052</controlfield><controlfield tag="008">130226s1000------------r-----000-0-eng-d</controlfield><datafield ind1=" " ind2=" " tag="040"><subfield code="a">IFIN-HH</subfield></datafield><datafield ind1=" " ind2=" " tag="080"><subfield code="a">413.232</subfield></datafield><datafield ind1="1" ind2=" " tag="100"><subfield code="a">Baron, L.I</subfield></datafield><datafield ind1="1" ind2="0" tag="245"><subfield code="a">Dictionnaire technique francais-russe</subfield><subfield code="b">Frantuzsko-russkii tehniceskii slovari</subfield><subfield code="c">L.i. baron</subfield></datafield><datafield ind1=" " ind2=" " tag="260"><subfield code="a">Moskva</subfield><subfield code="b">Sovieskaia Entiklopedia</subfield><subfield code="c">1967</subfield></datafield><datafield ind1=" " ind2=" " tag="300"><subfield code="a">808P</subfield></datafield><datafield ind1=" " ind2=" " tag="852"><subfield code="a">D.421</subfield><subfield code="c">SLT</subfield></datafield><datafield ind1=" " ind2=" " tag="CAT"><subfield code="a">Sys</subfield><subfield code="c">20130226</subfield><subfield code="h">111759</subfield></datafield></record></collection>